% This file was created with JabRef 2.9b2.
% Encoding: UTF-8

@BOOK{17,
  title = {Начало науки о программах},
  year = {1981},
  author = {MX.Холстед},
  owner = {andrew},
  quality = {1},
  timestamp = {2014.01.19}
}

@BOOK{13,
  title = {Информационная безопасность концептуальные и методологические основы
	защиты информации},
  year = {2004},
  author = {А.А.Малюк},
  owner = {andrew},
  quality = {1},
  timestamp = {2014.01.15}
}

@BOOK{12,
  title = {Компиляторы: принципы, технологии и инструменты},
  publisher = {Издательский дом “Вильямс”},
  year = {2003},
  author = {А.В.Альфред, Сети Равви, Ульман Джефри Д.},
  pages = {768},
  owner = {andrew},
  quality = {1},
  timestamp = {2014.01.15}
}

@BOOK{4,
  title = {Windows Azure: облачная платформа Microsoft - Microsoft},
  publisher = {Microsoft},
  year = {2010},
  author = {А.Федоров , Мартынов Д.},
  owner = {andrew},
  quality = {1},
  timestamp = {2014.01.14}
}

@BOOK{11,
  title = {Операційні системи},
  publisher = {Харків},
  year = {2010},
  author = {В.А.Шеховцов},
  owner = {andrew},
  timestamp = {2014.01.14}
}

@BOOK{16,
  title = {Структура программы в языково-ориентированном потоковом анализе},
  publisher = {Новосибирск: Наука},
  year = {1998},
  author = {В.И.Шелехов},
  owner = {andrew},
  quality = {1},
  timestamp = {2014.01.19}
}

@BOOK{10,
  title = {Информационная безопасность и защита информации},
  year = {2009},
  author = {В.П.Мельников},
  owner = {andrew},
  quality = {1},
  timestamp = {2014.01.15}
}

@BOOK{9,
  title = {Операционная система Linux},
  publisher = {Москва: "INTUIT.ру"},
  year = {2003},
  author = {Г.В. Курячий, К.А. Маслинский},
  owner = {andrew},
  quality = {1},
  timestamp = {2014.01.15}
}

@BOOK{6,
  title = {Информационные войны.},
  publisher = {Ваклер},
  year = {2000},
  author = {Г.Г.Почепцов },
  pages = {576},
  owner = {andrew},
  quality = {1},
  timestamp = {2014.01.14}
}

@BOOK{15,
  title = {Введение в курс метрической теории и метрологии программ},
  publisher = {Новосибирск: НГТУ},
  editor = {2011},
  author = {Г.И.Кайгородцев},
  owner = {andrew},
  quality = {1},
  timestamp = {2014.01.19}
}

@BOOK{8,
  title = {Операционные системы},
  publisher = {Киев: Издательская группа BHV},
  year = {2004},
  author = {Д.Бэкон, Т. Харрис},
  owner = {andrew},
  quality = {1},
  timestamp = {2014.01.15}
}

@BOOK{7,
  title = {Защита от взлома. Сокеты, shell-код, эксплойты},
  publisher = {Издательский дом “Вильямс”},
  year = {2008},
  author = {Д.С.Фостер},
  pages = {784},
  owner = {andrew},
  quality = {1},
  timestamp = {2014.01.15}
}

@BOOK{1,
  title = {Хакинг: искусство эксплойта},
  publisher = {Санкт-Петербург — Москва},
  year = {2005},
  author = {Д.Эриксон},
  owner = {andrew},
  quality = {1},
  timestamp = {2014.01.15}
}

@BOOK{14,
  title = {Меры сложности программ},
  publisher = {Новосибирск: Наука},
  year = {2009},
  author = {С.К.Черноножкин},
  owner = {andrew},
  quality = {1},
  timestamp = {2014.01.19}
}

@BOOK{5,
  title = {Основные концепции языков программирования},
  publisher = {Издательский дом “Вильямс”},
  year = {2001},
  author = {У.Себеста-Роберт},
  pages = {672},
  owner = {andrew},
  quality = {1},
  timestamp = {2014.01.15}
}

@BOOK{3,
  title = {Введение в теорию автоматов, языков и вычислений},
  publisher = {Издательский дом “Вильямс”},
  year = {2002},
  author = {Э.Д.Хопкрофт, Мотвани Раджив, Ульман Джефри Д.},
  pages = {528},
  owner = {andrew},
  quality = {1},
  timestamp = {2014.01.15}
}

@BOOK{2,
  title = {Современные операционные системы},
  publisher = {2-е издание, СПб. Питер},
  year = {2005},
  author = {Э.Таненбаум},
  owner = {andrew},
  quality = {1},
  timestamp = {2014.01.14}
}

